@article{yujian:2007:levenshtein, 
	author={Yujian, Li and Bo, Liu}, 
	journal={IEEE Transactions on Pattern Analysis and Machine Intelligence}, 
	title={{A Normalized Levenshtein Distance Metric}}, 
	year={2007}, 
	month={June}, 
	volume={29}, 
	number={6}, 
	pages={1091--1095}, 
	doi={10.1109/TPAMI.2007.1078}, 
	ISSN={0162-8828}
} % yujian:2007:levenshtein

@inproceedings{cotterell:2012:oei,
  title={{Facilitating Knowledge Sharing and Analysis in Energy Informatics with the Ontology for Energy Investigations (OEI)}},
  author={Cotterell, M. and Zheng, J. and Sun, Q. and Wu, Z. and Champlin, C. and Beach, A.},
  year={2012},
  booktitle={Proceedings of the 2012 Conference on Energy Informatics},
  month={October}
} % cotterell:2012:oei

@inproceedings{melnik:2002:similarity,
  title={{Similarity Flooding: A Versatile Graph Matching Algorithm and its Application to Schema Matching}},
  author={Melnik, S. and Garcia-Molina, H. and Rahm, E.},
  booktitle={Proceedings of the 18th International Conference on Data Engineering},
  pages={117--128},
  year={2002},
  organization={IEEE}
} % melnik:2002:similarity

@book{goodaire:2003:linalgebra,
  title={{Linear Algebra: A Pure \& Applied First Course}},
  author={Goodaire, E.},
  year={2003},
  publisher={Prentice Hall}
} % goodaire:2003:linalgebra

@book{mitzenmacher:2005:probability,
  title={{Probability and Computing: Randomized Algorithms and Probabilistic Analysis}},
  author={Mitzenmacher, M. and Upfal, E.},
  year={2005},
  publisher={Cambridge University Press}
} % mitzenmacher:2005:probability

@inproceedings{lin:1998:information,
  title={{An Information-Theoretic Definition of Similarity}},
  author={Lin, D.},
  booktitle={Proceedings of the 15th International Conference on Machine Learning, 1998.},
  volume={1},
  pages={296--304},
  year={1998}
} % lin:1998:information

@article{kuhn:1955:hungarian,
  title={{The Hungarian Method for the Assignment Problem}},
  author={Kuhn, H.W.},
  journal={{Naval Research Logistics Quarterly}},
  volume={2},
  number={1-2},
  pages={83--97},
  year={1955},
  publisher={Wiley Online Library}
} % kuhn:1955:hungarian

@book{euzenat:2007:ontology,
  title={{Ontology Matching}},
  author={Euzenat, J. and Shvaiko, P.},
  volume={18},
  year={2007},
  publisher={Springer Berlin}
} % euzenat:2007:ontology

@inproceedings{miller:2010:scalation,
  author={Miller, John A. and Han, Jun and Hybinette, Maria},
  title={{Using Domain Specific Language For Modeling and Simulation: {ScalaTion} as a Case Study}},
  booktitle={Proceedings of the 2010 Winter Simulation Conference},
  pages={741--752},
  organization={ACM},
  month={December},
  year={2010}
} % miller:2010:scalation

@book{bcnn:2010:simulation,
  author={Jerry Banks and John S. Carson and Barry L. Nelson and David M. Nicol},
  edition={5th},
  publisher={Prentice Hall},
  title={{Discrete-Event System Simulation}},
  year={2010}
} % bcnn:2010:simulation

@techreport{odersky:2011:spec,
  author = {Odersky, Martin},
  day = {24},
  institution = {{Programming Methods Laboratory, EPFL}},
  location = {Lausanne, Switzerland},
  month = {May},
  organization = {EPFL},
  publisher = {EPFL},
  title = {{The Scala Language Specification, Version 2.9}},
  year = {2011}
} % odersky:2010:spec

